<?xml version="1.0" encoding="UTF-8"?><record xmlns="http://www.loc.gov/MARC21/slim" xmlns:cinclude="http://apache.org/cocoon/include/1.0" xmlns:zs="http://www.loc.gov/zing/srw/">
  <leader>00562nz  a2200133n  4500</leader>
  <controlfield tag="001">no2009020148</controlfield>
  <controlfield tag="003">DLC</controlfield>
  <controlfield tag="005">20090212082135.0</controlfield>
  <controlfield tag="008">090210n| acannaabn          |n ana     c</controlfield>
  <datafield tag="010" ind1=" " ind2=" ">
    <subfield code="a">no2009020148</subfield>
  </datafield>
  <datafield tag="035" ind1=" " ind2=" ">
    <subfield code="a">(OCoLC)oca08010846</subfield>
  </datafield>
  <datafield tag="040" ind1=" " ind2=" ">
    <subfield code="a">OC</subfield>
    <subfield code="b">eng</subfield>
    <subfield code="c">OC</subfield>
  </datafield>
  <datafield tag="110" ind1="2" ind2=" ">
    <subfield code="a">Frances Clark Center for Keyboard Pedagogy</subfield>
  </datafield>
  <datafield tag="670" ind1=" " ind2=" ">
    <subfield code="a">Its Clavier companion, Jan./Feb. 2009:</subfield>
    <subfield code="b">p. 1 (Frances Clark Center for Keyboard Pedagogy) p. 5 (a non-profit educational institution located in Kingston, New Jersey dedicated to supporting lifelong music learning and high quality music teaching)</subfield>
  </datafield>
</record>